@Book{Bar84,
author={H. P. Barendregt},
title={The Lambda Calculus: Its Syntax and Semantics},
publisher={North-Holland},
year=1984,
edition={revised}}

@book{Kri90,
	author = "Krivine, {Jean-Louis}",
	title = "Lambda-Calcul~: Types et Mod\`eles",
	publisher = "Masson",
	year = 1990,
	series = "Etudes et Recherches en Informatique",
}
	  
@book{Kri90e,
	author = "Krivine, {J.-L.}",
	title = "Lambda-Calculus\,: Types and Models",
	publisher = "Masson",
	year = 1993,
	series = "Computers and their applications",
}

@book{GLT88,
author={J.Y. Girard, Y. Lafont and P. Taylor},
title={Proofs and Types}, 
publisher={Cambridge University Press}, 
note={Cambridge Tracts in Theoretical Computer Science, 7},
year=1988} 
		  
@article{Gir86,
author={J.-Y. Girard},
title="{The system F of variable types: fifteen years later}",
journal={Theoretical Computer Science},
volume=45,
year=1986,
pages={159--192}}

@inproceedings{Roz93,
	author = "Paul Rozi\`ere",
	title = {Constant time reduction in $\lambda$-calculus},
	year = 1993,
	booktitle = {Mathematical Foundation of Computer Science},
	address = {Gdansk},
	editor = {Springer-Verlag},
	note={Lecture Note in Computer Science}
}

@unpublished{Raf95,
        author = {C. Raffalli},
        title = "{Type-checking in System {\bf F$_\eta$}}",
        year = 1995,
	note = "submitted to ICFP'96"
}
		  
		  